@InProceedings{lws,
    author =	{Jonathan {Le Roux} and Hirokazu Kameoka and Nobutaka Ono and Shigeki Sagayama},
    title =	{Fast Signal Reconstruction from Magnitude {STFT} Spectrogram Based on Spectrogram Consistency},
    booktitle =	{Proc. International Conference on Digital Audio Effects (DAFx)},
    year =	2010,
    pages =	{397--403},
    month =	sep
}

@article{wang2017tacotron,
  title={Tacotron: Towards end-to-end speech synthesis},
  author={Wang, Yuxuan and Skerry-Ryan, RJ and Stanton, Daisy and Wu, Yonghui and Weiss, Ron J and Jaitly, Navdeep and Yang, Zongheng and Xiao, Ying and Chen, Zhifeng and Bengio, Samy and others},
  journal={arXiv preprint arXiv:1703.10135},
  year={2017}
}

@inproceedings{shen2018natural,
  title={Natural tts synthesis by conditioning wavenet on mel spectrogram predictions},
  author={Shen, Jonathan and Pang, Ruoming and Weiss, Ron J and Schuster, Mike and Jaitly, Navdeep and Yang, Zongheng and Chen, Zhifeng and Zhang, Yu and Wang, Yuxuan and Skerrv-Ryan, Rj and others},
  booktitle={2018 IEEE International Conference on Acoustics, Speech and Signal Processing (ICASSP)},
  pages={4779--4783},
  year={2018},
  organization={IEEE}
}

@inproceedings{arik2017deep,
  title={Deep voice: Real-time neural text-to-speech},
  author={Arik, Sercan {\"O} and Chrzanowski, Mike and Coates, Adam and Diamos, Gregory and Gibiansky, Andrew and Kang, Yongguo and Li, Xian and Miller, John and Ng, Andrew and Raiman, Jonathan and others},
  booktitle={Proceedings of the 34th International Conference on Machine Learning-Volume 70},
  pages={195--204},
  year={2017},
  organization={JMLR. org}
}

@inproceedings{gibiansky2017deep,
  title={Deep voice 2: Multi-speaker neural text-to-speech},
  author={Gibiansky, Andrew and Arik, Sercan and Diamos, Gregory and Miller, John and Peng, Kainan and Ping, Wei and Raiman, Jonathan and Zhou, Yanqi},
  booktitle={Advances in neural information processing systems},
  pages={2962--2970},
  year={2017}
}

@article{ping2017deep,
  title={Deep voice 3: Scaling text-to-speech with convolutional sequence learning},
  author={Ping, Wei and Peng, Kainan and Gibiansky, Andrew and Arik, Sercan O and Kannan, Ajay and Narang, Sharan and Raiman, Jonathan and Miller, John},
  journal={arXiv preprint arXiv:1710.07654},
  year={2017}
}

@article{oord2016wavenet,
  title={Wavenet: A generative model for raw audio},
  author={van den Oord, A\"{a}ron and Dieleman, Sander and Zen, Heiga and Simonyan, Karen and Vinyals, Oriol and Graves, Alex and Kalchbrenner, Nal and Senior, Andrew and Kavukcuoglu, Koray},
  journal={arXiv preprint arXiv:1609.03499},
  year={2016}
}

@article{morise2016world,
  title={WORLD: a vocoder-based high-quality speech synthesis system for real-time applications},
  author={Morise, Masanori and Yokomori, Fumiya and Ozawa, Kenji},
  journal={IEICE TRANSACTIONS on Information and Systems},
  volume={99},
  number={7},
  pages={1877--1884},
  year={2016},
  publisher={The Institute of Electronics, Information and Communication Engineers}
}

@article{hinton2015distilling,
  title={Distilling the knowledge in a neural network},
  author={Hinton, Geoffrey and Vinyals, Oriol and Dean, Jeff},
  journal={arXiv preprint arXiv:1503.02531},
  year={2015}
}

@article{oord2017parallel,
  title={Parallel wavenet: Fast high-fidelity speech synthesis},
  author={van den Oord, A\"{a}ron and Li, Yazhe and Babuschkin, Igor and Simonyan, Karen and Vinyals, Oriol and Kavukcuoglu, Koray and Driessche, George van den and Lockhart, Edward and Cobo, Luis C and Stimberg, Florian and others},
  journal={arXiv preprint arXiv:1711.10433},
  year={2017}
}
